@book{glory,
  title={Glory},
  author={Nabokov, V.},
  isbn={9780307787576},
  series={Vintage International},
  url={http://books.google.com/books?id=BYkhF8yA9gMC},
  year={2011},
  publisher={Knopf Doubleday Publishing Group}
}

@book{kqk,
  title={King, Queen, Knave},
  author={Nabokov, V.},
  isbn={9780307787644},
  series={Vintage International},
  url={http://books.google.com/books?id=R9ohIbTCy9MC},
  year={2011},
  publisher={Knopf Doubleday Publishing Group}
}

@book{mary,
  title={Mary},
  author={Nabokov, V.},
  isbn={9780307787293},
  series={Vintage International},
  url={http://books.google.com/books?id=\_nk8V52Nd5cC},
  year={2011},
  publisher={Knopf Doubleday Publishing Group}
}

@book{defense,
  title={The Defense: A Novel},
  author={Nabokov, V.V. and Scammell, M.},
  isbn={9780679727224},
  lccn={89040546},
  series={Vintage international},
  url={http://books.google.com/books?id=8HGb31KVsxMC},
  year={1990},
  publisher={Vintage Books}
}

@book{stories,
  title={The Stories of Vladimir Nabokov},
  author={Nabokov, V.},
  isbn={9780307788092},
  series={Vintage International},
  url={http://books.google.com/books?id=eAQhuAZzfYIC},
  year={2011},
  publisher={Knopf Doubleday Publishing Group}
},
@phdthesis{jones1995nabokov,
  title={Nabokov’s Dark American Dream: Pedophilia, Poe, and Postmodernism in Lolita},
  author={Jones, Heather Menzies},
  year={1995},
  school={State University of New York}
},
@article{sweeney1999fantasy,
  title={Fantasy, Folklore, and Finite Numbers in Nabokov's" A Nursery Tale"},
  author={Sweeney, Susan Elizabeth},
  journal={The Slavic and East European Journal},
  volume={43},
  number={3},
  pages={511--529},
  year={1999},
  publisher={JSTOR}
},
@article{danglliязык,
  title={ЯЗЫК ХУДОЖЕСТВЕННОЙ ЛИТЕРАТУРЫ},
  author={Danglli, Griselda},
  journal={LINGUA MOBILIS},
  pages={7}
}